techreport{bib:ebnf,
type = {Standard},
key = {ISO/IEC 14977},
month = {dec},
year = {1996},
title = {Information technology - Syntactic metalanguage - Extended BNF},
volume = {1996},
address = {Geneva, CH},
institution = {International Organization for Standardization}
}

@article{bib:ebnf,
      author         = "{International Organization for Standardization}",
      title          = "{Information technology - Syntactic metalanguage - Extended BNF}",
      journal        = "{ISO/IEC 14977}",
      year           = "1996",
      volume         = "1996",
}


techreport{bib:c++11,
type = {Standard},
key = {ISO/IEC 14882:2017},
month = {dec},
year = {2017},
title = {Programming languages -- C++},
volume = {2017},
address = {Geneva, CH},
institution = {International Organization for Standardization}
}

@article{bib:c++11,
journal  = "{ISO/IEC 14882}",
year = "2017",
volume = "2017",
title = "Programming languages -- C++",
address = "Geneva, CH",
author = "{International Organization for Standardization}"
}

@techreport{bib:lhada_git,
title = {Lhada repository},
url = "\url{https://github.com/lhada-hep/lhada}",
institution = {The version these proceedings refers to is tagged Houches2017Proceedings}
}


@article{Buckley:2010ar,
      author         = "Buckley, Andy and Butterworth, Jonathan and Lonnblad,
                        Leif and Grellscheid, David and Hoeth, Hendrik and Monk,
                        James and Schulz, Holger and Siegert, Frank",
      title          = "{Rivet user manual}",
      journal        = "Comput. Phys. Commun.",
      volume         = "184",
      year           = "2013",
      pages          = "2803-2819",
      doi            = "10.1016/j.cpc.2013.05.021",
      eprint         = "1003.0694",
      archivePrefix  = "arXiv",
      primaryClass   = "hep-ph",
      reportNumber   = "MCNET-10-03",
      SLACcitation   = "%%CITATION = ARXIV:1003.0694;%%"
}


@inproceedings{Brooijmans:2016vro,
      author         = "Brooijmans, G. and others",
      title          = "{Les Houches 2015: Physics at TeV colliders - new physics
                        working group report}",
      booktitle      = "{9th Les Houches Workshop on Physics at TeV Colliders
                        (PhysTeV 2015) Les Houches, France, June 1-19, 2015}",
      url            = "https://inspirehep.net/record/1456803/files/arXiv:1605.02684.pdf",
      year           = "2016",
      eprint         = "1605.02684",
      archivePrefix  = "arXiv",
      primaryClass   = "hep-ph",
      SLACcitation   = "%%CITATION = ARXIV:1605.02684;%%"
}


@misc{bib:ebnf-wiki,
    author = "{Wikipedia contributors}",
    title = "Extended Backus–Naur form --- Wikipedia{,} The Free Encyclopedia",
    year = "2018",
    url = "\url{https://en.wikipedia.org/w/index.php?title=Extended_Backus%E2%80%93Naur_form&oldid=822370600}",
    note = "[Online; accessed 5-February-2018]"
}

@article{CMS:2016xva,
      author         = "CMS Collaboration",
      title          = "{Search for new physics in the all-hadronic final state
                        with the MT2 variable}",
      collaboration  = "CMS",
      year           = "2016",
      reportNumber   = "CMS-PAS-SUS-16-015",
      SLACcitation   = "%%CITATION = CMS-PAS-SUS-16-015;%%"
}

@article{Aaboud:2016zdn,
      author         = "Aaboud, Morad and others",
      title          = "{Search for squarks and gluinos in final states with jets
                        and missing transverse momentum at $\sqrt{s} =$ 13 TeV
                        with the ATLAS detector}",
      collaboration  = "ATLAS",
      journal        = "Eur. Phys. J.",
      volume         = "C76",
      year           = "2016",
      number         = "7",
      pages          = "392",
      doi            = "10.1140/epjc/s10052-016-4184-8",
      eprint         = "1605.03814",
      archivePrefix  = "arXiv",
      primaryClass   = "hep-ex",
      reportNumber   = "CERN-EP-2016-080",
      SLACcitation   = "%%CITATION = ARXIV:1605.03814;%%"
}

@article{Aaboud:2017dor,
      author         = "Aaboud, Morad and others",
      title          = "{Search for dark matter at $\sqrt{s}=13$ TeV in final
                        states containing an energetic photon and large missing
                        transverse momentum with the ATLAS detector}",
      collaboration  = "ATLAS",
      journal        = "Eur. Phys. J.",
      volume         = "C77",
      year           = "2017",
      number         = "6",
      pages          = "393",
      doi            = "10.1140/epjc/s10052-017-4965-8",
      eprint         = "1704.03848",
      archivePrefix  = "arXiv",
      primaryClass   = "hep-ex",
      reportNumber   = "CERN-EP-2017-044",
      SLACcitation   = "%%CITATION = ARXIV:1704.03848;%%"
}

@article{Dobbs:2001ck,
      author         = "Dobbs, Matt and Hansen, Jorgen Beck",
      title          = "{The HepMC C++ Monte Carlo event record for High Energy
                        Physics}",
      journal        = "Comput. Phys. Commun.",
      volume         = "134",
      year           = "2001",
      pages          = "41-46",
      doi            = "10.1016/S0010-4655(00)00189-2",
      reportNumber   = "ATL-SOFT-2000-001",
      SLACcitation   = "%%CITATION = CPHCB,134,41;%%"
}

@article{Kraml:2012sg,
      author         = "Kraml, S. and others",
      title          = "{Searches for New Physics: Les Houches Recommendations
                        for the Presentation of LHC Results}",
      journal        = "Eur. Phys. J.",
      volume         = "C72",
      year           = "2012",
      pages          = "1976",
      doi            = "10.1140/epjc/s10052-012-1976-3",
      eprint         = "1203.2489",
      archivePrefix  = "arXiv",
      primaryClass   = "hep-ph",
      reportNumber   = "FERMILAB-PUB-12-887-T",
      SLACcitation   = "%%CITATION = ARXIV:1203.2489;%%"
}

@article{deFavereau:2013fsa,
      author         = "de Favereau, J. and Delaere, C. and Demin, P. and
                        Giammanco, A. and Lemaître, V. and Mertens, A. and
                        Selvaggi, M.",
      title          = "{DELPHES 3, A modular framework for fast simulation of a
                        generic collider experiment}",
      collaboration  = "DELPHES 3",
      journal        = "JHEP",
      volume         = "02",
      year           = "2014",
      pages          = "057",
      doi            = "10.1007/JHEP02(2014)057",
      eprint         = "1307.6346",
      archivePrefix  = "arXiv",
      primaryClass   = "hep-ex",
      SLACcitation   = "%%CITATION = ARXIV:1307.6346;%%"
}

@article{Cacciari:2011ma,
      author         = "Cacciari, Matteo and Salam, Gavin P. and Soyez, Gregory",
      title          = "{FastJet User Manual}",
      journal        = "Eur. Phys. J.",
      volume         = "C72",
      year           = "2012",
      pages          = "1896",
      doi            = "10.1140/epjc/s10052-012-1896-2",
      eprint         = "1111.6097",
      archivePrefix  = "arXiv",
      primaryClass   = "hep-ph",
      reportNumber   = "CERN-PH-TH-2011-297",
      SLACcitation   = "%%CITATION = ARXIV:1111.6097;%%"
}

@article{Brun:1997pa,
      author         = "Brun, R. and Rademakers, F.",
      title          = "{ROOT}: An object oriented data analysis framework",
      booktitle      = "New computing techniques in physics research V. 
                        Proceedings, 5th International Workshop, AIHENP '96,
                        Lausanne, Switzerland, September 2-6, 1996. See also \url{http://http://root.cern.ch/}",
      journal        = "Nucl. Instrum. Meth.",
      volume         = "A389",
      year           = "1997",
      pages          = "81-86",
      doi            = "10.1016/S0168-9002(97)00048-X",
      SLACcitation   = "%%CITATION = NUIMA,A389,81;%%"
}

@article{Sekmen:2018ehb,
      author         = "Sekmen, Sezen and Unel, Gokhan",
      title          = "{CutLang: A Particle Physics Analysis Description
                        Language and Runtime Interpreter}",
      year           = "2018",
      eprint         = "1801.05727",
      archivePrefix  = "arXiv",
      primaryClass   = "hep-ph",
      SLACcitation   = "%%CITATION = ARXIV:1801.05727;%%"
}
