@article{Heister:2016stz,
      author         = "Heister, Arno",
      title          = "{Observation of an excess at 30 GeV in the opposite sign
                        di-muon spectra of ${\rm Z} \to b\overline{ b} + {\rm X}$
                        events recorded by the ALEPH experiment at LEP}",
      year           = "2016",
      eprint         = "1610.06536",
      archivePrefix  = "arXiv",
      primaryClass   = "hep-ex",
      SLACcitation   = "%%CITATION = ARXIV:1610.06536;%%"
}

@article{Patrignani:2016xqp,
      author         = "Patrignani, C. and others",
      title          = "{Review of Particle Physics}",
      collaboration  = "Particle Data Group",
      journal        = "Chin. Phys.",
      volume         = "C40",
      year           = "2016",
      number         = "10",
      pages          = "100001",
      doi            = "10.1088/1674-1137/40/10/100001",
      SLACcitation   = "%%CITATION = CHPHD,C40,100001;%%"
}

@article{Barnett:1996hr,
      author         = "Barnett, R. Michael and others",
      title          = "{Review of particle physics. Particle Data Group}",
      collaboration  = "Particle Data Group",
      journal        = "Phys. Rev.",
      volume         = "D541",
      year           = "1996",
      pages          = "1-720",
      doi            = "10.1103/PhysRevD.54.1",
      SLACcitation   = "%%CITATION = PHRVA,D54,1;%%"
}

@article{Barnett:1996yz,
      author         = "Barnett, R. Michael and others",
      title          = "{Particle physics summary}",
      journal        = "Rev. Mod. Phys.",
      volume         = "68",
      year           = "1996",
      pages          = "611-732",
      doi            = "10.1103/RevModPhys.68.611",
      reportNumber   = "SLAC-REPRINT-1996-025",
      SLACcitation   = "%%CITATION = RMPHA,68,611;%%"
}

@article{Butterworth:2008iy,
      author         = "Butterworth, Jonathan M. and Davison, Adam R. and Rubin,
                        Mathieu and Salam, Gavin P.",
      title          = "{Jet substructure as a new Higgs search channel at the
                        LHC}",
      journal        = "Phys.Rev.Lett.",
      volume         = "100",
      pages          = "242001",
      doi            = "10.1103/PhysRevLett.100.242001",
      year           = "2008",
      eprint         = "0802.2470",
      archivePrefix  = "arXiv",
      primaryClass   = "hep-ph",
      SLACcitation   = "%%CITATION = ARXIV:0802.2470;%%",
}

@article{Kribs:2009yh,
      author         = "Kribs, Graham D. and Martin, Adam and Roy, Tuhin S. and
                        Spannowsky, Michael",
      title          = "{Discovering the Higgs Boson in New Physics Events using
                        Jet Substructure}",
      journal        = "Phys.Rev.",
      volume         = "D81",
      pages          = "111501",
      doi            = "10.1103/PhysRevD.81.111501",
      year           = "2010",
      eprint         = "0912.4731",
      archivePrefix  = "arXiv",
      primaryClass   = "hep-ph",
      reportNumber   = "FERMILAB-PUB-09-639-T",
      SLACcitation   = "%%CITATION = ARXIV:0912.4731;%%",
}

@article{Cui:2010km,
      author         = "Cui, Yanou and Han, Zhenyu and Schwartz, Matthew D.",
      title          = "{W-jet Tagging: Optimizing the Identification of Boosted
                        Hadronically-Decaying W Bosons}",
      journal        = "Phys. Rev.",
      volume         = "D83",
      year           = "2011",
      pages          = "074023",
      doi            = "10.1103/PhysRevD.83.074023",
      eprint         = "1012.2077",
      archivePrefix  = "arXiv",
      primaryClass   = "hep-ph",
      SLACcitation   = "%%CITATION = ARXIV:1012.2077;%%"
}

@article{Cui:2013spa,
      author         = "Cui, Yanou and Han, Zhenyu",
      title          = "{New light on WW scattering at the LHC with W jet
                        tagging}",
      journal        = "Phys.Rev.",
      number         = "1",
      volume         = "D89",
      pages          = "015019",
      doi            = "10.1103/PhysRevD.89.015019",
      year           = "2014",
      eprint         = "1304.4599",
      archivePrefix  = "arXiv",
      primaryClass   = "hep-ph",
      SLACcitation   = "%%CITATION = ARXIV:1304.4599;%%",
}

@article{Aad:2013gja,
      author         = "Aad, Georges and others",
      title          = "{Performance of jet substructure techniques for large-$R$
                        jets in proton-proton collisions at $\sqrt{s}$ = 7 TeV
                        using the ATLAS detector}",
      collaboration  = "ATLAS",
      journal        = "JHEP",
      volume         = "1309",
      pages          = "076",
      doi            = "10.1007/JHEP09(2013)076",
      year           = "2013",
      eprint         = "1306.4945",
      archivePrefix  = "arXiv",
      primaryClass   = "hep-ex",
      reportNumber   = "CERN-PH-EP-2013-069",
      SLACcitation   = "%%CITATION = ARXIV:1306.4945;%%",
}

@article{Khachatryan:2014vla,
      author         = "Khachatryan, Vardan and others",
      title          = "{Identification techniques for highly boosted W bosons
                        that decay into hadrons}",
      collaboration  = "CMS",
      journal        = "JHEP",
      volume         = "1412",
      pages          = "017",
      doi            = "10.1007/JHEP12(2014)017",
      year           = "2014",
      eprint         = "1410.4227",
      archivePrefix  = "arXiv",
      primaryClass   = "hep-ex",
      reportNumber   = "CMS-JME-13-006, CERN-PH-EP-2014-241",
      SLACcitation   = "%%CITATION = ARXIV:1410.4227;%%",
}

@article{Aad:2014vma,
      author         = "Aad, Georges and others",
      title          = "{Search for direct production of charginos, neutralinos
                        and sleptons in final states with two leptons and missing
                        transverse momentum in $pp$ collisions at $\sqrt{s} =$ 8
                        TeV with the ATLAS detector}",
      collaboration  = "ATLAS",
      journal        = "JHEP",
      volume         = "05",
      year           = "2014",
      pages          = "071",
      doi            = "10.1007/JHEP05(2014)071",
      eprint         = "1403.5294",
      archivePrefix  = "arXiv",
      primaryClass   = "hep-ex",
      reportNumber   = "CERN-PH-EP-2014-037",
      SLACcitation   = "%%CITATION = ARXIV:1403.5294;%%"
}

@article{Khachatryan:2014qwa,
      author         = "Khachatryan, Vardan and others",
      title          = "{Searches for electroweak production of charginos,
                        neutralinos, and sleptons decaying to leptons and W, Z,
                        and Higgs bosons in pp collisions at 8 TeV}",
      collaboration  = "CMS",
      journal        = "Eur. Phys. J.",
      volume         = "C74",
      year           = "2014",
      number         = "9",
      pages          = "3036",
      doi            = "10.1140/epjc/s10052-014-3036-7",
      eprint         = "1405.7570",
      archivePrefix  = "arXiv",
      primaryClass   = "hep-ex",
      reportNumber   = "CMS-SUS-13-006, CERN-PH-EP-2014-098",
      SLACcitation   = "%%CITATION = ARXIV:1405.7570;%%"
}

@article{Abbiendi:2003ji,
      author         = "Abbiendi, G. and others",
      title          = "{Search for anomalous production of dilepton events with
                        missing transverse momentum in e+ e- collisions at
                        s**(1/2) = 183-Gev to 209-GeV}",
      collaboration  = "OPAL",
      journal        = "Eur. Phys. J.",
      volume         = "C32",
      year           = "2004",
      pages          = "453-473",
      doi            = "10.1140/epjc/s2003-01466-y",
      eprint         = "hep-ex/0309014",
      archivePrefix  = "arXiv",
      primaryClass   = "hep-ex",
      reportNumber   = "CERN-EP-2003-040",
      SLACcitation   = "%%CITATION = HEP-EX/0309014;%%"
}

@article{Khachatryan:2015qxa,
      author         = "Khachatryan, Vardan and others",
      title          = "{Search for a charged Higgs boson in pp collisions at $
                        \sqrt{s}=8 $ TeV}",
      collaboration  = "CMS",
      journal        = "JHEP",
      volume         = "11",
      year           = "2015",
      pages          = "018",
      doi            = "10.1007/JHEP11(2015)018",
      eprint         = "1508.07774",
      archivePrefix  = "arXiv",
      primaryClass   = "hep-ex",
      reportNumber   = "CMS-HIG-14-023, CERN-PH-EP-2015-221",
      SLACcitation   = "%%CITATION = ARXIV:1508.07774;%%"
}

@article{Aad:2014kga,
      author         = "Aad, Georges and others",
      title          = "{Search for charged Higgs bosons decaying via $H^{\pm}                         \rightarrow \tau^{\pm}\nu$ in fully hadronic final states
                        using $pp$ collision data at $\sqrt{s} = 8$ TeV with the
                        ATLAS detector}",
      collaboration  = "ATLAS",
      journal        = "JHEP",
      volume         = "03",
      year           = "2015",
      pages          = "088",
      doi            = "10.1007/JHEP03(2015)088",
      eprint         = "1412.6663",
      archivePrefix  = "arXiv",
      primaryClass   = "hep-ex",
      reportNumber   = "CERN-PH-EP-2014-274",
      SLACcitation   = "%%CITATION = ARXIV:1412.6663;%%"
}



@article{Khachatryan:2017mnf,
      author         = "Khachatryan, Vardan and others",
      title          = "{Search for light bosons in decays of the 125 GeV Higgs
                        boson in proton-proton collisions at sqrt(s) = 8 TeV}",
      collaboration  = "CMS",
      year           = "2017",
      eprint         = "1701.02032",
      archivePrefix  = "arXiv",
      primaryClass   = "hep-ex",
      reportNumber   = "CMS-HIG-16-015, CERN-EP-2016-292",
      SLACcitation   = "%%CITATION = ARXIV:1701.02032;%%"
}

@article{Aaboud:2017hbk,
      author         = "Aaboud, Morad and others",
      title          = "{Measurements of the production cross section of a $Z$
                        boson in association with jets in pp collisions at
                        $\sqrt{s} = 13$ TeV with the ATLAS detector}",
      collaboration  = "ATLAS",
      year           = "2017",
      eprint         = "1702.05725",
      archivePrefix  = "arXiv",
      primaryClass   = "hep-ex",
      reportNumber   = "CERN-EP-2016-297",
      SLACcitation   = "%%CITATION = ARXIV:1702.05725;%%"
}

@article{Branco:2011iw,
      author         = "Branco, G. C. and Ferreira, P. M. and Lavoura, L. and
                        Rebelo, M. N. and Sher, Marc and Silva, Joao P.",
      title          = "{Theory and phenomenology of two-Higgs-doublet models}",
      journal        = "Phys. Rept.",
      volume         = "516",
      year           = "2012",
      pages          = "1-102",
      doi            = "10.1016/j.physrep.2012.02.002",
      eprint         = "1106.0034",
      archivePrefix  = "arXiv",
      primaryClass   = "hep-ph",
      SLACcitation   = "%%CITATION = ARXIV:1106.0034;%%"
}

@article{Marciano:2011gm,
      author         = "Marciano, William J. and Zhang, Cen and Willenbrock,
                        Scott",
      title          = "{Higgs Decay to Two Photons}",
      journal        = "Phys. Rev.",
      volume         = "D85",
      year           = "2012",
      pages          = "013002",
      doi            = "10.1103/PhysRevD.85.013002",
      eprint         = "1109.5304",
      archivePrefix  = "arXiv",
      primaryClass   = "hep-ph",
      SLACcitation   = "%%CITATION = ARXIV:1109.5304;%%"
}

@article{Cacciapaglia:2016tlr,
      author         = "Cacciapaglia, Giacomo and Deandrea, Aldo and
                        Gascon-Shotkin, Suzanne and Le Corre, Solène and
                        Lethuillier, Morgan and Tao, Junquan",
      title          = "{Search for a lighter Higgs boson in Two Higgs Doublet
                        Models}",
      journal        = "JHEP",
      volume         = "12",
      year           = "2016",
      pages          = "068",
      doi            = "10.1007/JHEP12(2016)068",
      eprint         = "1607.08653",
      archivePrefix  = "arXiv",
      primaryClass   = "hep-ph",
      SLACcitation   = "%%CITATION = ARXIV:1607.08653;%%"
}

@article{Bernon:2015wef,
      author         = "Bernon, Jérémy and Gunion, John F. and Haber, Howard E.
                        and Jiang, Yun and Kraml, Sabine",
      title          = "{Scrutinizing the alignment limit in two-Higgs-doublet
                        models. II. m$_H$=125  GeV}",
      journal        = "Phys. Rev.",
      volume         = "D93",
      year           = "2016",
      number         = "3",
      pages          = "035027",
      doi            = "10.1103/PhysRevD.93.035027",
      eprint         = "1511.03682",
      archivePrefix  = "arXiv",
      primaryClass   = "hep-ph",
      SLACcitation   = "%%CITATION = ARXIV:1511.03682;%%"
}

@article{Ko:2016asv,
      author         = "Ko, P. and Li, Jinmian and Yu, Chaehyun",
      title          = "{Implication of the ALEPH 30 GeV dimuon resonance at the
                        LHC}",
      year           = "2016",
      eprint         = "1610.07526",
      archivePrefix  = "arXiv",
      primaryClass   = "hep-ph",
      SLACcitation   = "%%CITATION = ARXIV:1610.07526;%%"
}

@article{Bernon:2014nxa,
      author         = "Bernon, Jeremy and Gunion, John F. and Jiang, Yun and
                        Kraml, Sabine",
      title          = "{Light Higgs bosons in Two-Higgs-Doublet Models}",
      journal        = "Phys. Rev.",
      volume         = "D91",
      year           = "2015",
      number         = "7",
      pages          = "075019",
      doi            = "10.1103/PhysRevD.91.075019",
      eprint         = "1412.3385",
      archivePrefix  = "arXiv",
      primaryClass   = "hep-ph",
      SLACcitation   = "%%CITATION = ARXIV:1412.3385;%%"
}

@article{Branco:1996bq,
      author         = "Branco, G. C. and Grimus, W. and Lavoura, L.",
      title          = "{Relating the scalar flavor changing neutral couplings to
                        the CKM matrix}",
      journal        = "Phys. Lett.",
      volume         = "B380",
      year           = "1996",
      pages          = "119-126",
      doi            = "10.1016/0370-2693(96)00494-7",
      eprint         = "hep-ph/9601383",
      archivePrefix  = "arXiv",
      primaryClass   = "hep-ph",
      reportNumber   = "FISIST-1-96-CFIF",
      SLACcitation   = "%%CITATION = HEP-PH/9601383;%%"
}

@article{Botella:2014ska,
      author         = "Botella, F. J. and Branco, G. C. and Carmona, Adrian and
                        Nebot, M. and Pedro, Leonardo and Rebelo, M. N.",
      title          = "{Physical Constraints on a Class of Two-Higgs Doublet
                        Models with FCNC at tree level}",
      journal        = "JHEP",
      volume         = "07",
      year           = "2014",
      pages          = "078",
      doi            = "10.1007/JHEP07(2014)078",
      eprint         = "1401.6147",
      archivePrefix  = "arXiv",
      primaryClass   = "hep-ph",
      reportNumber   = "IFIC-14-03, CFTP-14-004",
      SLACcitation   = "%%CITATION = ARXIV:1401.6147;%%"
}

@article{Bhattacharyya:2014nja,
      author         = "Bhattacharyya, Gautam and Das, Dipankar and Kundu,
                        Anirban",
      title          = "{Feasibility of light scalars in a class of
                        two-Higgs-doublet models and their decay signatures}",
      journal        = "Phys. Rev.",
      volume         = "D89",
      year           = "2014",
      pages          = "095029",
      doi            = "10.1103/PhysRevD.89.095029",
      eprint         = "1402.0364",
      archivePrefix  = "arXiv",
      primaryClass   = "hep-ph",
      reportNumber   = "SINP-TNP-2014-02",
      SLACcitation   = "%%CITATION = ARXIV:1402.0364;%%"
}

@article{Glashow:1970gm,
      author         = "Glashow, S. L. and Iliopoulos, J. and Maiani, L.",
      title          = "{Weak Interactions with Lepton-Hadron Symmetry}",
      booktitle      = "{Meeting of the Italian School of Physics and Weak
                        Interactions Bologna, Italy, April 26-28, 1984}",
      journal        = "Phys. Rev.",
      volume         = "D2",
      year           = "1970",
      pages          = "1285-1292",
      doi            = "10.1103/PhysRevD.2.1285",
      SLACcitation   = "%%CITATION = PHRVA,D2,1285;%%"
}

@article{Glashow:1976nt,
      author         = "Glashow, Sheldon L. and Weinberg, Steven",
      title          = "{Natural Conservation Laws for Neutral Currents}",
      journal        = "Phys. Rev.",
      volume         = "D15",
      year           = "1977",
      pages          = "1958",
      doi            = "10.1103/PhysRevD.15.1958",
      reportNumber   = "HUTP-76-A158",
      SLACcitation   = "%%CITATION = PHRVA,D15,1958;%%"
}

@article{Bjorken:1977br,
      author         = "Bjorken, J. D. and Lane, Kenneth D. and Weinberg, Steven",
      title          = "{The Decay mu --> e + gamma in Models with Neutral Heavy
                        Leptons}",
      journal        = "Phys. Rev.",
      volume         = "D16",
      year           = "1977",
      pages          = "1474",
      doi            = "10.1103/PhysRevD.16.1474",
      reportNumber   = "SLAC-PUB-1925",
      SLACcitation   = "%%CITATION = PHRVA,D16,1474;%%"
}

@article{Buchalla:1995vs,
      author         = "Buchalla, Gerhard and Buras, Andrzej J. and Lautenbacher,
                        Markus E.",
      title          = "{Weak decays beyond leading logarithms}",
      journal        = "Rev. Mod. Phys.",
      volume         = "68",
      year           = "1996",
      pages          = "1125-1144",
      doi            = "10.1103/RevModPhys.68.1125",
      eprint         = "hep-ph/9512380",
      archivePrefix  = "arXiv",
      primaryClass   = "hep-ph",
      reportNumber   = "SLAC-PUB-7009, SLAC-PUB-95-7009, MPI-PH-95-104,
                        TUM-T31-100-95, FERMILAB-PUB-95-305-T",
      SLACcitation   = "%%CITATION = HEP-PH/9512380;%%"
}

@article{Celis:2015ara,
      author         = "Celis, Alejandro and Fuentes-Martin, Javier and Jung,
                        Martin and Serodio, Hugo",
      title          = "{Family non-universal Z' models with protected
                        flavor-changing interactions}",
      year           = "2015",
      eprint         = "1505.03079",
      archivePrefix  = "arXiv",
      primaryClass   = "hep-ph",
      reportNumber   = "LMU-ASC-22-15, IFIC-15-23, FLAVOUR(267104)-ERC-95",
      SLACcitation   = "%%CITATION = ARXIV:1505.03079;%%",
}

@article{Aaboud:2016tru,
      author         = "Aaboud, Morad and others",
      title          = "{Search for resonances in diphoton events at
                        $\sqrt{s}$=13 TeV with the ATLAS detector}",
      collaboration  = "ATLAS",
      journal        = "JHEP",
      volume         = "09",
      year           = "2016",
      pages          = "001",
      doi            = "10.1007/JHEP09(2016)001",
      eprint         = "1606.03833",
      archivePrefix  = "arXiv",
      primaryClass   = "hep-ex",
      reportNumber   = "CERN-EP-2016-120",
      SLACcitation   = "%%CITATION = ARXIV:1606.03833;%%"
}



@article{Aad:2015owa,
      author         = "Aad, Georges and others",
      title          = "{Search for high-mass diboson resonances with
                        boson-tagged jets in proton-proton collisions at
                        $\sqrt{s}$ = 8 TeV with the ATLAS detector}",
      collaboration  = "ATLAS",
      year           = "2015",
      eprint         = "1506.00962",
      archivePrefix  = "arXiv",
      primaryClass   = "hep-ex",
      reportNumber   = "CERN-PH-EP-2015-115",
      SLACcitation   = "%%CITATION = ARXIV:1506.00962;%%"
}

@article{Aad:2015ufa,
      author         = "Aad, Georges and others",
      title          = "{Search for production of $WW/WZ$ resonances decaying to
                        a lepton, neutrino and jets in $pp$ collisions at
                        $\sqrt{s}=8$  TeV with the ATLAS detector}",
      collaboration  = "ATLAS",
      journal        = "Eur. Phys. J.",
      volume         = "C75",
      year           = "2015",
      number         = "5",
      pages          = "209",
      doi            = "10.1140/epjc/s10052-015-3425-6",
      eprint         = "1503.04677",
      archivePrefix  = "arXiv",
      primaryClass   = "hep-ex",
      reportNumber   = "CERN-PH-EP-2015-044",
      SLACcitation   = "%%CITATION = ARXIV:1503.04677;%%"
}

@article{Aad:2014xka,
      author         = "Aad, Georges and others",
      title          = "{Search for resonant diboson production in the $\mathrm
                        {\ell \ell }q\bar{q}$ final state in $pp$ collisions at
                        $\sqrt{s} = 8$ TeV with the ATLAS detector}",
      collaboration  = "ATLAS",
      journal        = "Eur. Phys. J.",
      volume         = "C75",
      year           = "2015",
      number         = "2",
      pages          = "69",
      doi            = "10.1140/epjc/s10052-015-3261-8",
      eprint         = "1409.6190",
      archivePrefix  = "arXiv",
      primaryClass   = "hep-ex",
      reportNumber   = "CERN-PH-EP-2014-211",
      SLACcitation   = "%%CITATION = ARXIV:1409.6190;%%"
}

@article{Khachatryan:2014gha,
      author         = "Khachatryan, Vardan and others",
      title          = "{Search for massive resonances decaying into pairs of
                        boosted bosons in semi-leptonic final states at $\sqrt{s}
                        =$ 8 TeV}",
      collaboration  = "CMS",
      journal        = "JHEP",
      volume         = "08",
      year           = "2014",
      pages          = "174",
      doi            = "10.1007/JHEP08(2014)174",
      eprint         = "1405.3447",
      archivePrefix  = "arXiv",
      primaryClass   = "hep-ex",
      reportNumber   = "CMS-EXO-13-009, CERN-PH-EP-2014-076",
      SLACcitation   = "%%CITATION = ARXIV:1405.3447;%%"
}

@article{Khachatryan:2014hpa,
      author         = "Khachatryan, Vardan and others",
      title          = "{Search for massive resonances in dijet systems
                        containing jets tagged as W or Z boson decays in pp
                        collisions at $ \sqrt{s} $ = 8 TeV}",
      collaboration  = "CMS",
      journal        = "JHEP",
      volume         = "08",
      year           = "2014",
      pages          = "173",
      doi            = "10.1007/JHEP08(2014)173",
      eprint         = "1405.1994",
      archivePrefix  = "arXiv",
      primaryClass   = "hep-ex",
      reportNumber   = "CMS-EXO-12-024, CERN-PH-EP-2014-071",
      SLACcitation   = "%%CITATION = ARXIV:1405.1994;%%"
}

@article{Aad:2015yza,
      author         = "Aad, Georges and others",
      title          = "{Search for a new resonance decaying to a $W$ or $Z$
                        boson and a Higgs boson in the $\ell \ell/ \ell \nu/ \nu
                        \nu + b \bar{b}$ final states with the ATLAS Detector}",
      collaboration  = "ATLAS",
      journal        = "Eur. Phys. J.",
      volume         = "C75",
      year           = "2015",
      number         = "6",
      pages          = "263",
      doi            = "10.1140/epjc/s10052-015-3474-x",
      eprint         = "1503.08089",
      archivePrefix  = "arXiv",
      primaryClass   = "hep-ex",
      reportNumber   = "CERN-PH-EP-2015-052",
      SLACcitation   = "%%CITATION = ARXIV:1503.08089;%%"
}

@article{Khachatryan:2015bma,
      author         = "Khachatryan, Vardan and others",
      title          = "{Search for a massive resonance decaying into a Higgs
                        boson and a W or Z boson in hadronic final states in
                        proton-proton collisions at $\sqrt{s}$ = 8 TeV}",
      collaboration  = "CMS",
      year           = "2015",
      eprint         = "1506.01443",
      archivePrefix  = "arXiv",
      primaryClass   = "hep-ex",
      reportNumber   = "CMS-EXO-14-009, CERN-PH-EP-2015-096",
      SLACcitation   = "%%CITATION = ARXIV:1506.01443;%%"
}

@Report{CMSPAS:2014yyy,
       collaboration = "CMS",
       title = "Search for massive WH resonances decaying to the
    $\ell\nu \bar bb$ final state in the boosted regime at $\sqrt{s} =
    8\,\tev$, CMS PAS EXO-14-010",
}

@article{Allanach:2015hba,
      author         = "Allanach, B. C. and Gripaios, Ben and Sutherland, Dave",
      title          = "{Anatomy of the ATLAS diboson anomaly}",
      year           = "2015",
      eprint         = "1507.01638",
      archivePrefix  = "arXiv",
      primaryClass   = "hep-ph",
      reportNumber   = "DAMTP-2015-32, CAVENDISH-HEP-15-05",
      SLACcitation   = "%%CITATION = ARXIV:1507.01638;%%"
}

@article{Franzosi:2015zra,
      author         = "Franzosi, Diogo Buarque and Frandsen, Mads T. and
                        Sannino, Francesco",
      title          = "{Diboson Signals via Fermi Scale Spin-One States}",
      year           = "2015",
      eprint         = "1506.04392",
      archivePrefix  = "arXiv",
      primaryClass   = "hep-ph",
      reportNumber   = "CP3-ORIGINS-2015-023-DNRF90, DIAS-2015-23",
      SLACcitation   = "%%CITATION = ARXIV:1506.04392;%%"
}

@article{Cacciapaglia:2015eea,
      author         = "Cacciapaglia, Giacomo and Frandsen, Mads T.",
      title          = "{Unitarity implications of diboson resonance in the TeV
                        region for Higgs physics}",
      year           = "2015",
      eprint         = "1507.00900",
      archivePrefix  = "arXiv",
      primaryClass   = "hep-ph",
      SLACcitation   = "%%CITATION = ARXIV:1507.00900;%%"
}

@article{Carmona:2015xaa,
      author         = "Carmona, Adrian and Delgado, Antonio and Quiros, Mariano
                        and Santiago, Jose",
      title          = "{Diboson resonant production in non-custodial composite
                        Higgs models}",
      year           = "2015",
      eprint         = "1507.01914",
      archivePrefix  = "arXiv",
      primaryClass   = "hep-ph",
      reportNumber   = "CERN-PH-TH-2015-154",
      SLACcitation   = "%%CITATION = ARXIV:1507.01914;%%"
}

@article{Becciolini:2014eba,
      author         = "Becciolini, Diego and Franzosi, Diogo Buarque and Foadi,
                        Roshan and Frandsen, Mads T. and Hapola, Tuomas and
                        Sannino, Francesco",
      title          = "{Custodial Vector Model}",
      journal        = "Phys. Rev.",
      volume         = "D92",
      year           = "2015",
      number         = "1",
      pages          = "015013",
      doi            = "10.1103/PhysRevD.92.015013",
      eprint         = "1410.6492",
      archivePrefix  = "arXiv",
      primaryClass   = "hep-ph",
      reportNumber   = "CP3-Origins-2014-033, DNRF90, DIAS-2014-33, IPPP-14-89,
                        DCPT-14-178",
      SLACcitation   = "%%CITATION = ARXIV:1410.6492;%%"
}

@article{Cheung:2015nha,
      author         = "Cheung, Kingman and Keung, Wai-Yee and Tseng, Po-Yan and
                        Yuan, Tzu-Chiang",
      title          = "{Interpretations of the ATLAS Diboson Anomaly}",
      year           = "2015",
      eprint         = "1506.06064",
      archivePrefix  = "arXiv",
      primaryClass   = "hep-ph",
      SLACcitation   = "%%CITATION = ARXIV:1506.06064;%%"
}

@article{Dobrescu:2015qna,
      author         = "Dobrescu, Bogdan A. and Liu, Zhen",
      title          = "{A W' boson near 2 TeV: predictions for Run 2 of the
                        LHC}",
      year           = "2015",
      eprint         = "1506.06736",
      archivePrefix  = "arXiv",
      primaryClass   = "hep-ph",
      reportNumber   = "FERMILAB-PUB-15-265-T-, PITT-PACC-1508,
                        FERMILAB-PUB-15-265-T",
      SLACcitation   = "%%CITATION = ARXIV:1506.06736;%%"
}

@article{Dobrescu:2015yba,
      author         = "Dobrescu, Bogdan A. and Liu, Zhen",
      title          = "{Heavy Higgs bosons and the 2 TeV $W'$ boson}",
      year           = "2015",
      eprint         = "1507.01923",
      archivePrefix  = "arXiv",
      primaryClass   = "hep-ph",
      reportNumber   = "FERMILAB-PUB-15-286-T, PITT-PACC-1510",
      SLACcitation   = "%%CITATION = ARXIV:1507.01923;%%"
}

@article{Abe:2015uaa,
      author         = "Abe, Tomohiro and Kitahara, Teppei and Nojiri, Mihoko M.",
      title          = "{Prospects for Spin-1 Resonance Search at 13 TeV LHC and
                        the ATLAS Diboson Excess}",
      year           = "2015",
      eprint         = "1507.01681",
      archivePrefix  = "arXiv",
      primaryClass   = "hep-ph",
      reportNumber   = "KEK-TH-1843, IPMU-15-0101",
      SLACcitation   = "%%CITATION = ARXIV:1507.01681;%%"
}

@article{Pappadopulo:2014qza,
      author         = "Pappadopulo, Duccio and Thamm, Andrea and Torre, Riccardo
                        and Wulzer, Andrea",
      title          = "{Heavy Vector Triplets: Bridging Theory and Data}",
      journal        = "JHEP",
      volume         = "09",
      year           = "2014",
      pages          = "060",
      doi            = "10.1007/JHEP09(2014)060",
      eprint         = "1402.4431",
      archivePrefix  = "arXiv",
      primaryClass   = "hep-ph",
      SLACcitation   = "%%CITATION = ARXIV:1402.4431;%%"
}

@article{Thamm:2015csa,
      author         = "Thamm, Andrea and Torre, Riccardo and Wulzer, Andrea",
      title          = "{A composite Heavy Vector Triplet in the ATLAS di-boson
                        excess}",
      year           = "2015",
      eprint         = "1506.08688",
      archivePrefix  = "arXiv",
      primaryClass   = "hep-ph",
      reportNumber   = "DFPD-2015-TH-16, MITP-15-044",
      SLACcitation   = "%%CITATION = ARXIV:1506.08688;%%"
}

@article{Brehmer:2015cia,
      author         = "Brehmer, Johann and Hewett, JoAnne and Kopp, Joachim and
                        Rizzo, Thomas and Tattersall, Jamie",
      title          = "{Symmetry Restored in Dibosons at the LHC?}",
      year           = "2015",
      eprint         = "1507.00013",
      archivePrefix  = "arXiv",
      primaryClass   = "hep-ph",
      reportNumber   = "MITP-15-046-SLAC-PUB-16319-TKK-15-15",
      SLACcitation   = "%%CITATION = ARXIV:1507.00013;%%"
}

@article{Sanz:2015zha,
      author         = "Sanz, Veronica",
      title          = "{On the compatibility of the diboson excess with a
                        gg-initiated composite sector}",
      year           = "2015",
      eprint         = "1507.03553",
      archivePrefix  = "arXiv",
      primaryClass   = "hep-ph",
      SLACcitation   = "%%CITATION = ARXIV:1507.03553;%%"
}

@article{Cacciapaglia:2015nga,
      author         = "Cacciapaglia, Giacomo and Deandrea, Aldo and Hashimoto,
                        Michio",
      title          = "{A scalar hint from the diboson excess?}",
      year           = "2015",
      eprint         = "1507.03098",
      archivePrefix  = "arXiv",
      primaryClass   = "hep-ph",
      reportNumber   = "LYCEN-2015-07",
      SLACcitation   = "%%CITATION = ARXIV:1507.03098;%%"
}

@article{Aguilar-Saavedra:2015rna,
      author         = "Aguilar-Saavedra, J. A.",
      title          = "{Triboson interpretations of the ATLAS diboson excess}",
      year           = "2015",
      eprint         = "1506.06739",
      archivePrefix  = "arXiv",
      primaryClass   = "hep-ph",
      SLACcitation   = "%%CITATION = ARXIV:1506.06739;%%"
}

@article{Fukano:2015hga,
      author         = "Fukano, Hidenori S. and Kurachi, Masafumi and Matsuzaki,
                        Shinya and Terashi, Koji and Yamawaki, Koichi",
      title          = "{2 TeV Walking Technirho at LHC?}",
      year           = "2015",
      eprint         = "1506.03751",
      archivePrefix  = "arXiv",
      primaryClass   = "hep-ph",
      reportNumber   = "KEK-TH-1834",
      SLACcitation   = "%%CITATION = ARXIV:1506.03751;%%"
}

@article{Bian:2015ota,
      author         = "Bian, Ligong and Liu, Da and Shu, Jing",
      title          = "{Low Scale Composite Higgs Model and 1.8 $\sim$ 2 TeV
                        Diboson Excess}",
      year           = "2015",
      eprint         = "1507.06018",
      archivePrefix  = "arXiv",
      primaryClass   = "hep-ph",
      SLACcitation   = "%%CITATION = ARXIV:1507.06018;%%"
}

@article{Marzocca:2012zn,
      author         = "Marzocca, David and Serone, Marco and Shu, Jing",
      title          = "{General Composite Higgs Models}",
      journal        = "JHEP",
      volume         = "08",
      year           = "2012",
      pages          = "013",
      doi            = "10.1007/JHEP08(2012)013",
      eprint         = "1205.0770",
      archivePrefix  = "arXiv",
      primaryClass   = "hep-ph",
      reportNumber   = "SISSA-11-2012-EP",
      SLACcitation   = "%%CITATION = ARXIV:1205.0770;%%"
}

@article{Bellazzini:2012tv,
      author         = "Bellazzini, Brando and Csaki, Csaba and Hubisz, Jay and
                        Serra, Javi and Terning, John",
      title          = "{Composite Higgs Sketch}",
      journal        = "JHEP",
      volume         = "11",
      year           = "2012",
      pages          = "003",
      doi            = "10.1007/JHEP11(2012)003",
      eprint         = "1205.4032",
      archivePrefix  = "arXiv",
      primaryClass   = "hep-ph",
      SLACcitation   = "%%CITATION = ARXIV:1205.4032;%%"
}

@article{Contino:2011np,
      author         = "Contino, Roberto and Marzocca, David and Pappadopulo,
                        Duccio and Rattazzi, Riccardo",
      title          = "{On the effect of resonances in composite Higgs
                        phenomenology}",
      journal        = "JHEP",
      volume         = "10",
      year           = "2011",
      pages          = "081",
      doi            = "10.1007/JHEP10(2011)081",
      eprint         = "1109.1570",
      archivePrefix  = "arXiv",
      primaryClass   = "hep-ph",
      reportNumber   = "CERN-PH-TH-2009-036",
      SLACcitation   = "%%CITATION = ARXIV:1109.1570;%%"
}

@article{Panico:2015jxa,
      author         = "Panico, Giuliano and Wulzer, Andrea",
      title          = "{The Composite Nambu-Goldstone Higgs}",
      year           = "2015",
      eprint         = "1506.01961",
      archivePrefix  = "arXiv",
      primaryClass   = "hep-ph",
      reportNumber   = "DFPD-2015TH9",
      SLACcitation   = "%%CITATION = ARXIV:1506.01961;%%"
}

@article{Zerwekh:2005wh,
      author         = "Zerwekh, Alfonso R.",
      title          = "{Associate higgs and gauge boson production at hadron
                        colliders in a model with vector resonances}",
      journal        = "Eur. Phys. J.",
      volume         = "C46",
      year           = "2006",
      pages          = "791-795",
      doi            = "10.1140/epjc/s2006-02518-6",
      eprint         = "hep-ph/0512261",
      archivePrefix  = "arXiv",
      primaryClass   = "hep-ph",
      SLACcitation   = "%%CITATION = HEP-PH/0512261;%%"
}

@article{Carcamo-Hernandez:2013ypa,
      author         = "Carcamo Hernandez, A. E. and Dib, Claudio O. and Zerwekh,
                        Alfonso R.",
      title          = "{The Effect of Composite Resonances on Higgs decay into
                        two photons}",
      journal        = "Eur. Phys. J.",
      volume         = "C74",
      year           = "2014",
      pages          = "2822",
      doi            = "10.1140/epjc/s10052-014-2822-6",
      eprint         = "1304.0286",
      archivePrefix  = "arXiv",
      primaryClass   = "hep-ph",
      SLACcitation   = "%%CITATION = ARXIV:1304.0286;%%"
}

@article{Lane:2014vca,
      author         = "Lane, Kenneth",
      title          = "{A composite Higgs model with minimal fine-tuning: The
                        large-$N$ and weak-technicolor limit}",
      journal        = "Phys.Rev.",
      number         = "9",
      volume         = "D90",
      pages          = "095025",
      doi            = "10.1103/PhysRevD.90.095025",
      year           = "2014",
      eprint         = "1407.2270",
      archivePrefix  = "arXiv",
      primaryClass   = "hep-ph",
      SLACcitation   = "%%CITATION = ARXIV:1407.2270;%%",
}


@article{Peskin:1991sw,
      author         = "Peskin, Michael E. and Takeuchi, Tatsu",
      title          = "{Estimation of oblique electroweak corrections}",
      journal        = "Phys. Rev.",
      volume         = "D46",
      year           = "1992",
      pages          = "381-409",
      doi            = "10.1103/PhysRevD.46.381",
      reportNumber   = "SLAC-PUB-5618",
      SLACcitation   = "%%CITATION = PHRVA,D46,381;%%"
}

@Article{Peskin:1990zt,
     author    = "Peskin, Michael E. and Takeuchi, Tatsu",
     title     = "A new constraint on a strongly interacting Higgs sector",
     journal   = "Phys. Rev. Lett.",
     volume    = "65",
     year      = "1990",
     pages     = "964-967",
     SLACcitation  = "%%CITATION = PRLTA,65,964;%%"
}

@Article{Golden:1990ig,
     author    = "Golden, Mitchell and Randall, Lisa",
     title     = "Radiative corrections to electroweak parameters in
                  technicolor theories",
     journal   = "Nucl. Phys.",
     volume    = "B361",
     year      = "1991",
     pages     = "3-23",
     SLACcitation  = "%%CITATION = NUPHA,B361,3;%%"
}

@Article{Holdom:1990tc,
     author    = "Holdom, B. and Terning, J.",
     title     = "Large corrections to electroweak parameters in technicolor
                  theories",
     journal   = "Phys. Lett.",
     volume    = "B247",
     year      = "1990",
     pages     = "88-92",
     SLACcitation  = "%%CITATION = PHLTA,B247,88;%%"
}

@Article{Altarelli:1991fk,
     author    = "Altarelli, Guido and Barbieri, Riccardo and Jadach, S.",
     title     = "Toward a model independent analysis of electroweak data",
     journal   = "Nucl. Phys.",
     volume    = "B369",
     year      = "1992",
     pages     = "3-32",
     SLACcitation  = "%%CITATION = NUPHA,B369,3;%%"
}

@Article{Sjostrand:2006za,
     author    = "Sjostrand, Torbjorn and Mrenna, Stephen and Skands, Peter",
     title     = "PYTHIA 6.4 physics and manual",
     journal   = "JHEP",
     volume    = "05",
     year      = "2006",
     pages     = "026",
     eprint    = "hep-ph/0603175",
     SLACcitation  = "%%CITATION = HEP-PH 0603175;%%"
}

@article{Wilson:1970ag,
      author         = "Wilson, Kenneth G.",
      title          = "{The Renormalization Group and Strong Interactions}",
      journal        = "Phys.Rev.",
      volume         = "D3",
      pages          = "1818",
      doi            = "10.1103/PhysRevD.3.1818",
      year           = "1971",
      reportNumber   = "SLAC-PUB-0807",
      SLACcitation   = "%%CITATION = PHRVA,D3,1818;%%",
}

@article{'tHooft:1979bh,
      author         = "'t Hooft, Gerard",
      title          = "{Naturalness, chiral symmetry, and spontaneous chiral
                        symmetry breaking}",
      journal        = "NATO Adv.Study Inst.Ser.B Phys.",
      volume         = "59",
      pages          = "135",
      year           = "1980",
      reportNumber   = "PRINT-80-0083 (UTRECHT)",
      SLACcitation   = "%%CITATION = NASBD,59,135;%%",
}

@article{Aad:2012tfa,
      author         = "Aad, Georges and others",
      title          = "{Observation of a new particle in the search for the
                        Standard Model Higgs boson with the ATLAS detector at the
                        LHC}",
      collaboration  = "ATLAS",
      journal        = "Phys.Lett.",
      volume         = "B716",
      pages          = "1-29",
      doi            = "10.1016/j.physletb.2012.08.020",
      year           = "2012",
      eprint         = "1207.7214",
      archivePrefix  = "arXiv",
      primaryClass   = "hep-ex",
      reportNumber   = "CERN-PH-EP-2012-218",
      SLACcitation   = "%%CITATION = ARXIV:1207.7214;%%",
}

@article{Chatrchyan:2012ufa,
      author         = "Chatrchyan, Serguei and others",
      title          = "{Observation of a new boson at a mass of 125 GeV with the
                        CMS experiment at the LHC}",
      collaboration  = "CMS",
      journal        = "Phys.Lett.",
      volume         = "B716",
      pages          = "30-61",
      doi            = "10.1016/j.physletb.2012.08.021",
      year           = "2012",
      eprint         = "1207.7235",
      archivePrefix  = "arXiv",
      primaryClass   = "hep-ex",
      reportNumber   = "CMS-HIG-12-028, CERN-PH-EP-2012-220",
      SLACcitation   = "%%CITATION = ARXIV:1207.7235;%%",
}

@article{Higgs:1964ia,
      author         = "Higgs, Peter W.",
      title          = "{Broken symmetries, massless particles and gauge fields}",
      journal        = "Phys.Lett.",
      volume         = "12",
      pages          = "132-133",
      doi            = "10.1016/0031-9163(64)91136-9",
      year           = "1964",
      SLACcitation   = "%%CITATION = PHLTA,12,132;%%",
}

@article{Higgs:1964pj,
      author         = "Higgs, Peter W.",
      title          = "{Broken Symmetries and the Masses of Gauge Bosons}",
      journal        = "Phys.Rev.Lett.",
      volume         = "13",
      pages          = "508-509",
      doi            = "10.1103/PhysRevLett.13.508",
      year           = "1964",
      SLACcitation   = "%%CITATION = PRLTA,13,508;%%",
}

@article{Englert:1964et,
      author         = "Englert, F. and Brout, R.",
      title          = "{Broken Symmetry and the Mass of Gauge Vector Mesons}",
      journal        = "Phys.Rev.Lett.",
      volume         = "13",
      pages          = "321-323",
      doi            = "10.1103/PhysRevLett.13.321",
      year           = "1964",
      SLACcitation   = "%%CITATION = PRLTA,13,321;%%",
}

@article{Guralnik:1964eu,
      author         = "Guralnik, G.S. and Hagen, C.R. and Kibble, T.W.B.",
      title          = "{Global Conservation Laws and Massless Particles}",
      journal        = "Phys.Rev.Lett.",
      volume         = "13",
      pages          = "585-587",
      doi            = "10.1103/PhysRevLett.13.585",
      year           = "1964",
      SLACcitation   = "%%CITATION = PRLTA,13,585;%%",
}

@article{Weinberg:1967tq,
      author         = "Weinberg, Steven",
      title          = "{A Model of Leptons}",
      journal        = "Phys.Rev.Lett.",
      volume         = "19",
      pages          = "1264-1266",
      doi            = "10.1103/PhysRevLett.19.1264",
      year           = "1967",
      SLACcitation   = "%%CITATION = PRLTA,19,1264;%%",
}

@article{Salam:1968rm,
      author         = "Salam, Abdus",
      title          = "{Weak and Electromagnetic Interactions}",
      journal        = "Conf.Proc.",
      volume         = "C680519",
      pages          = "367-377",
      year           = "1968",
      SLACcitation   = "%%CITATION = CONFP,C680519,367;%%",
}

@article{Altheimer:2012mn,
      author         = "Altheimer, A. and Arora, S. and Asquith, L. and
                        Brooijmans, G. and Butterworth, J. and others",
      title          = "{Jet Substructure at the Tevatron and LHC: New results,
                        new tools, new benchmarks}",
      journal        = "J.Phys.",
      volume         = "G39",
      pages          = "063001",
      doi            = "10.1088/0954-3899/39/6/063001",
      year           = "2012",
      eprint         = "1201.0008",
      archivePrefix  = "arXiv",
      primaryClass   = "hep-ph",
      reportNumber   = "SLAC-R-990, FERMILAB-PUB-12-897-T",
      SLACcitation   = "%%CITATION = ARXIV:1201.0008;%%",
}

@article{Bellazzini:2014yua,
      author         = "Bellazzini, Brando and Csáki, Csaba and Serra, Javi",
      title          = "{Composite Higgses}",
      journal        = "Eur.Phys.J.",
      number         = "5",
      volume         = "C74",
      pages          = "2766",
      doi            = "10.1140/epjc/s10052-014-2766-x",
      year           = "2014",
      eprint         = "1401.2457",
      archivePrefix  = "arXiv",
      primaryClass   = "hep-ph",
      SLACcitation   = "%%CITATION = ARXIV:1401.2457;%%",
}
@article{Butterworth:2016sqg,
      author         = "Butterworth, Jonathan M. and Grellscheid, David and
                        Kraemer, Michael and Sarrazin, Bjoern and Yallup, David",
      title          = "{Constraining new physics with collider measurements of
                        Standard Model signatures}",
      journal        = "JHEP",
      volume         = "03",
      year           = "2017",
      pages          = "078",
      doi            = "10.1007/JHEP03(2017)078",
      eprint         = "1606.05296",
      archivePrefix  = "arXiv",
      primaryClass   = "hep-ph",
      reportNumber   = "IPPP-16-52, MCNET-16-21, TTK-16-22",
      SLACcitation   = "%%CITATION = ARXIV:1606.05296;%%"
}
@article{Lane:2017gry,
      author         = "Lane, Kenneth and Pritchett, Lukas",
      title          = "{The 30 GeV Dimuon Excess at ALEPH}",
      year           = "2017",
      eprint         = "1701.07376",
      archivePrefix  = "arXiv",
      primaryClass   = "hep-ph",
      SLACcitation   = "%%CITATION = ARXIV:1701.07376;%%"
}
@article{Buckley:2010ar,
      author         = "Buckley, Andy and Butterworth, Jonathan and Lonnblad,
                        Leif and Grellscheid, David and Hoeth, Hendrik and Monk,
                        James and Schulz, Holger and Siegert, Frank",
      title          = "{Rivet user manual}",
      journal        = "Comput. Phys. Commun.",
      volume         = "184",
      year           = "2013",
      pages          = "2803-2819",
      doi            = "10.1016/j.cpc.2013.05.021",
      eprint         = "1003.0694",
      archivePrefix  = "arXiv",
      primaryClass   = "hep-ph",
      reportNumber   = "MCNET-10-03",
      SLACcitation   = "%%CITATION = ARXIV:1003.0694;%%"
}
@article{Bellm:2015jjp,
      author         = "Bellm, Johannes and others",
      title          = "{Herwig 7.0/Herwig++ 3.0 release note}",
      journal        = "Eur. Phys. J.",
      volume         = "C76",
      year           = "2016",
      number         = "4",
      pages          = "196",
      doi            = "10.1140/epjc/s10052-016-4018-8",
      eprint         = "1512.01178",
      archivePrefix  = "arXiv",
      primaryClass   = "hep-ph",
      reportNumber   = "CERN-PH-TH-2015-289, MAN-HEP-2015-15, IFJPAN-IV-2015-13,
                        HERWIG-2015-01, KA-TP-18-2015, DCPT-15-142, MCNET-15-28,
                        IPPP-15-71, --HERWIG-2015-01",
      SLACcitation   = "%%CITATION = ARXIV:1512.01178;%%"
}
@article{Bahr:2008pv,
      author         = "Bahr, M. and others",
      title          = "{Herwig++ Physics and Manual}",
      journal        = "Eur. Phys. J.",
      volume         = "C58",
      year           = "2008",
      pages          = "639-707",
      doi            = "10.1140/epjc/s10052-008-0798-9",
      eprint         = "0803.0883",
      archivePrefix  = "arXiv",
      primaryClass   = "hep-ph",
      reportNumber   = "CERN-PH-TH-2008-038, CAVENDISH-HEP-08-03, KA-TP-05-2008,
                        DCPT-08-22, IPPP-08-11, CP3-08-05",
      SLACcitation   = "%%CITATION = ARXIV:0803.0883;%%"
}

@article{MadGraph,
      author         = "Alwall, J. and Frederix, R. and Frixione, S. and Hirschi, V. and Maltoni, F. and Mattelaer, O. 
                        and Shao, H.-S. and Stelzer, T. and Torrielli, P. and Zaro, M.",
      title          = "The automated computation of tree-level and next-to-leading order differential cross sections, and
                            their matching to parton shower simulations",
      journal        = "JHEP",
      volume         = "07",
      pages          = "079",
      year           = "2014",
      doi            = "10.1007/JHEP07(2014)079",
      eprint         = "1405.0301",
      archivePrefix  = "arXiv",
      primaryClass   = "hep-ph",
}


@inproceedings{Maguire:2017ypu,
      author         = "Maguire, Eamonn and Heinrich, Lukas and Watt, Graeme",
      title          = "{HEPData: a repository for high energy physics data}",
      booktitle      = "{22nd International Conference on Computing in High
                        Energy and Nuclear Physics (CHEP 2016) San Francisco, CA,
                        October 14-16, 2016}",
      url            = "https://inspirehep.net/record/1592380/files/arXiv:1704.05473.pdf",
      year           = "2017",
      eprint         = "1704.05473",
      archivePrefix  = "arXiv",
      primaryClass   = "hep-ex",
      reportNumber   = "IPPP-17-31",
      SLACcitation   = "%%CITATION = ARXIV:1704.05473;%%"
}
@article{Aad:2016wpd,
      author         = "Aad, Georges and others",
      title          = "{Measurement of total and differential $W^+W^-$
                        production cross sections in proton-proton collisions at
                        $\sqrt{s}=$ 8 TeV with the ATLAS detector and limits on
                        anomalous triple-gauge-boson couplings}",
      collaboration  = "ATLAS",
      journal        = "JHEP",
      volume         = "09",
      year           = "2016",
      pages          = "029",
      doi            = "10.1007/JHEP09(2016)029",
      eprint         = "1603.01702",
      archivePrefix  = "arXiv",
      primaryClass   = "hep-ex",
      reportNumber   = "CERN-PH-EP-2015-323",
      SLACcitation   = "%%CITATION = ARXIV:1603.01702;%%"
}
@article{Aad:2014qja,
      author         = "Aad, Georges and others",
      title          = "{Measurement of the low-mass Drell-Yan differential cross
                        section at $\sqrt{s}$ = 7 TeV using the ATLAS detector}",
      collaboration  = "ATLAS",
      journal        = "JHEP",
      volume         = "06",
      year           = "2014",
      pages          = "112",
      doi            = "10.1007/JHEP06(2014)112",
      eprint         = "1404.1212",
      archivePrefix  = "arXiv",
      primaryClass   = "hep-ex",
      reportNumber   = "CERN-PH-EP-2014-020",
      SLACcitation   = "%%CITATION = ARXIV:1404.1212;%%"
}
@article{Aad:2012awa,
      author         = "Aad, Georges and others",
      title          = "{Measurement of $ZZ$ production in $pp$ collisions at
                        $\sqrt{s}=7$ TeV and limits on anomalous $ZZZ$ and
                        $ZZ\gamma$ couplings with the ATLAS detector}",
      collaboration  = "ATLAS",
      journal        = "JHEP",
      volume         = "03",
      year           = "2013",
      pages          = "128",
      doi            = "10.1007/JHEP03(2013)128",
      eprint         = "1211.6096",
      archivePrefix  = "arXiv",
      primaryClass   = "hep-ex",
      reportNumber   = "CERN-PH-EP-2012-318",
      SLACcitation   = "%%CITATION = ARXIV:1211.6096;%%"
}
@article{ATLAS:2012mec,
      author         = "Aad, Georges and others",
      title          = "{Measurement of $W^+W^-$ production in pp collisions at
                        $\sqrt{s}$=7  TeV with the ATLAS detector and limits
                        on anomalous WWZ and WWγ couplings}",
      collaboration  = "ATLAS",
      journal        = "Phys. Rev.",
      volume         = "D87",
      year           = "2013",
      number         = "11",
      pages          = "112001",
      doi            = "10.1103/PhysRevD.87.112001, 10.1103/PhysRevD.88.079906",
      note           = "[Erratum: Phys. Rev.D88,no.7,079906(2013)]",
      eprint         = "1210.2979",
      archivePrefix  = "arXiv",
      primaryClass   = "hep-ex",
      reportNumber   = "CERN-PH-EP-2012-242",
      SLACcitation   = "%%CITATION = ARXIV:1210.2979;%%"
}
@article{Aad:2015rka,
      author         = "Aad, Georges and others",
      title          = "{Measurements of four-lepton production in $pp$
                        collisions at $\sqrt{s}=$ 8 TeV with the ATLAS detector}",
      collaboration  = "ATLAS",
      journal        = "Phys. Lett.",
      volume         = "B753",
      year           = "2016",
      pages          = "552-572",
      doi            = "10.1016/j.physletb.2015.12.048",
      eprint         = "1509.07844",
      archivePrefix  = "arXiv",
      primaryClass   = "hep-ex",
      reportNumber   = "CERN-PH-EP-2015-220",
      SLACcitation   = "%%CITATION = ARXIV:1509.07844;%%"
}
@article{Degrande:2011ua,
      author         = "Degrande, Celine and Duhr, Claude and Fuks, Benjamin and
                        Grellscheid, David and Mattelaer, Olivier and Reiter,
                        Thomas",
      title          = "{UFO - The Universal FeynRules Output}",
      journal        = "Comput. Phys. Commun.",
      volume         = "183",
      year           = "2012",
      pages          = "1201-1214",
      doi            = "10.1016/j.cpc.2012.01.022",
      eprint         = "1108.2040",
      archivePrefix  = "arXiv",
      primaryClass   = "hep-ph",
      reportNumber   = "CP3-11-25, IPHC-PHENO-11-04, IPPP-11-39, DCPT-11-78,
                        MPP-2011-68",
      SLACcitation   = "%%CITATION = ARXIV:1108.2040;%%"
}
@article{Cacciapaglia:2016tlr,
      author         = "Cacciapaglia, Giacomo and Deandrea, Aldo and
                        Gascon-Shotkin, Suzanne and Le Corre, Solène and
                        Lethuillier, Morgan and Tao, Junquan",
      title          = "{Search for a lighter Higgs boson in Two Higgs Doublet
                        Models}",
      journal        = "JHEP",
      volume         = "12",
      year           = "2016",
      pages          = "068",
      doi            = "10.1007/JHEP12(2016)068",
      eprint         = "1607.08653",
      archivePrefix  = "arXiv",
      primaryClass   = "hep-ph",
      SLACcitation   = "%%CITATION = ARXIV:1607.08653;%%"
}
@article{Aad:2014lwa,
      author         = "Aad, Georges and others",
      title          = "{Measurements of fiducial and differential cross sections
                        for Higgs boson production in the diphoton decay channel
                        at $\sqrt{s}=8$ TeV with ATLAS}",
      collaboration  = "ATLAS",
      journal        = "JHEP",
      volume         = "09",
      year           = "2014",
      pages          = "112",
      doi            = "10.1007/JHEP09(2014)112",
      eprint         = "1407.4222",
      archivePrefix  = "arXiv",
      primaryClass   = "hep-ex",
      reportNumber   = "CERN-PH-EP-2014-148",
      SLACcitation   = "%%CITATION = ARXIV:1407.4222;%%"
}
@article{Aad:2016sau,
      author         = "Aad, Georges and others",
      title          = "{Measurements of $Z\gamma$ and $Z\gamma\gamma$ production
                        in $pp$ collisions at $\sqrt{s}=$ 8 TeV with the ATLAS
                        detector}",
      collaboration  = "ATLAS",
      journal        = "Phys. Rev.",
      volume         = "D93",
      year           = "2016",
      number         = "11",
      pages          = "112002",
      doi            = "10.1103/PhysRevD.93.112002",
      eprint         = "1604.05232",
      archivePrefix  = "arXiv",
      primaryClass   = "hep-ex",
      reportNumber   = "CERN-EP-2016-049",
      SLACcitation   = "%%CITATION = ARXIV:1604.05232;%%"
}
@article{Aad:2016xcr,
      author         = "Aad, Georges and others",
      title          = "{Measurement of the inclusive isolated prompt photon
                        cross section in pp collisions at $ \sqrt{s}=8 $ TeV with
                        the ATLAS detector}",
      collaboration  = "ATLAS",
      journal        = "JHEP",
      volume         = "08",
      year           = "2016",
      pages          = "005",
      doi            = "10.1007/JHEP08(2016)005",
      eprint         = "1605.03495",
      archivePrefix  = "arXiv",
      primaryClass   = "hep-ex",
      reportNumber   = "CERN-EP-2016-035",
      SLACcitation   = "%%CITATION = ARXIV:1605.03495;%%"
}
@article{Aad:2013zba,
      author         = "Aad, Georges and others",
      title          = "{Measurement of the inclusive isolated prompt photons
                        cross section in pp collisions at $\sqrt{s}=7$  TeV
                        with the ATLAS detector using 4.6  fb$^{−1}$}",
      collaboration  = "ATLAS",
      journal        = "Phys. Rev.",
      volume         = "D89",
      year           = "2014",
      number         = "5",
      pages          = "052004",
      doi            = "10.1103/PhysRevD.89.052004",
      eprint         = "1311.1440",
      archivePrefix  = "arXiv",
      primaryClass   = "hep-ex",
      reportNumber   = "CERN-PH-EP-2013-164",
      SLACcitation   = "%%CITATION = ARXIV:1311.1440;%%"
}
@article{Aad:2013gaa,
      author         = "Aad, Georges and others",
      title          = "{Dynamics of isolated-photon plus jet production in pp
                        collisions at $\sqrt(s)=7$ TeV with the ATLAS detector}",
      collaboration  = "ATLAS",
      journal        = "Nucl. Phys.",
      volume         = "B875",
      year           = "2013",
      pages          = "483-535",
      doi            = "10.1016/j.nuclphysb.2013.07.025",
      eprint         = "1307.6795",
      archivePrefix  = "arXiv",
      primaryClass   = "hep-ex",
      reportNumber   = "CERN-PH-EP-2013-092",
      SLACcitation   = "%%CITATION = ARXIV:1307.6795;%%"
}
@article{Aad:2013izg,
      author         = "Aad, Georges and others",
      title          = "{Measurements of $W \gamma$ and $Z \gamma$ production in
                        $pp$ collisions at $\sqrt{s}$=7  TeV with the ATLAS
                        detector at the LHC}",
      collaboration  = "ATLAS",
      journal        = "Phys. Rev.",
      volume         = "D87",
      year           = "2013",
      number         = "11",
      pages          = "112003",
      doi            = "10.1103/PhysRevD.87.112003, 10.1103/PhysRevD.91.119901",
      note           = "[Erratum: Phys. Rev.D91,no.11,119901(2015)]",
      eprint         = "1302.1283",
      archivePrefix  = "arXiv",
      primaryClass   = "hep-ex",
      reportNumber   = "CERN-PH-EP-2012-345",
      SLACcitation   = "%%CITATION = ARXIV:1302.1283;%%"
}
@article{Aad:2012tba,
      author         = "Aad, Georges and others",
      title          = "{Measurement of isolated-photon pair production in $pp$
                        collisions at $\sqrt{s}=7$ TeV with the ATLAS detector}",
      collaboration  = "ATLAS",
      journal        = "JHEP",
      volume         = "01",
      year           = "2013",
      pages          = "086",
      doi            = "10.1007/JHEP01(2013)086",
      eprint         = "1211.1913",
      archivePrefix  = "arXiv",
      primaryClass   = "hep-ex",
      reportNumber   = "CERN-PH-EP-2012-300",
      SLACcitation   = "%%CITATION = ARXIV:1211.1913;%%"
}
@article{ATLAS:2012ar,
      author         = "Aad, Georges and others",
      title          = "{Measurement of the production cross section of an
                        isolated photon associated with jets in proton-proton
                        collisions at $\sqrt{s}=7$ TeV with the ATLAS detector}",
      collaboration  = "ATLAS",
      journal        = "Phys. Rev.",
      volume         = "D85",
      year           = "2012",
      pages          = "092014",
      doi            = "10.1103/PhysRevD.85.092014",
      eprint         = "1203.3161",
      archivePrefix  = "arXiv",
      primaryClass   = "hep-ex",
      reportNumber   = "CERN-PH-EP-2012-009",
      SLACcitation   = "%%CITATION = ARXIV:1203.3161;%%"
}
@article{Chatrchyan:2013mwa,
      author         = "Chatrchyan, Serguei and others",
      title          = "{Measurement of the triple-differential cross section for
                        photon+jets production in proton-proton collisions at
                        $\sqrt{s}$=7 TeV}",
      collaboration  = "CMS",
      journal        = "JHEP",
      volume         = "06",
      year           = "2014",
      pages          = "009",
      doi            = "10.1007/JHEP06(2014)009",
      eprint         = "1311.6141",
      archivePrefix  = "arXiv",
      primaryClass   = "hep-ex",
      reportNumber   = "CMS-QCD-11-005, CERN-PH-EP-2013-194",
      SLACcitation   = "%%CITATION = ARXIV:1311.6141;%%"
}
@article{Angelescu:2017jyj,
      author         = "Angelescu, Andrei and Moreau, Grégory and Richard,
                        François",
      title          = "{Scalar production in association with a Z boson at the
                        LHC and ILC: The mixed Higgs-radion case of warped
                        models}",
      journal        = "Phys. Rev.",
      volume         = "D96",
      year           = "2017",
      number         = "1",
      pages          = "015019",
      doi            = "10.1103/PhysRevD.96.015019",
      eprint         = "1702.03984",
      archivePrefix  = "arXiv",
      primaryClass   = "hep-ph",
      reportNumber   = "LAL-17-024, LPT-ORSAY-17-04",
      SLACcitation   = "%%CITATION = ARXIV:1702.03984;%%"
}

@article{Baldenegro:2017aen,
      author         = "Baldenegro, Cristian and Fichet, Sylvain and von
                        Gersdorff, Gero and Royon, Christophe",
      title          = "{Probing the anomalous γγγZ coupling at the LHC with
                        proton tagging}",
      journal        = "JHEP",
      volume         = "06",
      year           = "2017",
      pages          = "142",
      doi            = "10.1007/JHEP06(2017)142",
      eprint         = "1703.10600",
      archivePrefix  = "arXiv",
      primaryClass   = "hep-ph",
      SLACcitation   = "%%CITATION = ARXIV:1703.10600;%%"
}

@article{Fichet:2016xvs,
      author         = "Fichet, Sylvain and von Gersdorff, Gero and Ponton,
                        Eduardo and Rosenfeld, Rogerio",
      title          = "{The Excitation of the Global Symmetry-Breaking Vacuum in
                        Composite Higgs Models}",
      journal        = "JHEP",
      volume         = "09",
      year           = "2016",
      pages          = "158",
      doi            = "10.1007/JHEP09(2016)158",
      eprint         = "1607.03125",
      archivePrefix  = "arXiv",
      primaryClass   = "hep-ph",
      SLACcitation   = "%%CITATION = ARXIV:1607.03125;%%"
}

@article{Fichet:2015yia,
      author         = "Fichet, Sylvain and von Gersdorff, Gero",
      title          = "{Effective theory for neutral resonances and a
                        statistical dissection of the ATLAS diboson excess}",
      journal        = "JHEP",
      volume         = "12",
      year           = "2015",
      pages          = "089",
      doi            = "10.1007/JHEP12(2015)089",
      eprint         = "1508.04814",
      archivePrefix  = "arXiv",
      primaryClass   = "hep-ph",
      SLACcitation   = "%%CITATION = ARXIV:1508.04814;%%"
}



@article{Fichet:2013ola,
      author         = "Fichet, Sylvain and von Gersdorff, Gero",
      title          = "{Anomalous gauge couplings from composite Higgs and
                        warped extra dimensions}",
      journal        = "JHEP",
      volume         = "03",
      year           = "2014",
      pages          = "102",
      doi            = "10.1007/JHEP03(2014)102",
      eprint         = "1311.6815",
      archivePrefix  = "arXiv",
      primaryClass   = "hep-ph",
      SLACcitation   = "%%CITATION = ARXIV:1311.6815;%%"
}

@article{Fichet:2013gsa,
      author         = "Fichet, S. and von Gersdorff, G. and Kepka, O. and Lenzi,
                        B. and Royon, C. and Saimpert, M.",
      title          = "{Probing new physics in diphoton production with proton
                        tagging at the Large Hadron Collider}",
      journal        = "Phys. Rev.",
      volume         = "D89",
      year           = "2014",
      pages          = "114004",
      doi            = "10.1103/PhysRevD.89.114004",
      eprint         = "1312.5153",
      archivePrefix  = "arXiv",
      primaryClass   = "hep-ph",
      SLACcitation   = "%%CITATION = ARXIV:1312.5153;%%"
}

@article{Belyaev:2016ftv,
      author         = "Belyaev, Alexander and Cacciapaglia, Giacomo and Cai,
                        Haiying and Ferretti, Gabriele and Flacke, Thomas and
                        Parolini, Alberto and Serodio, Hugo",
      title          = "{Di-boson signatures as Standard Candles for Partial
                        Compositeness}",
      journal        = "JHEP",
      volume         = "01",
      year           = "2017",
      pages          = "094",
      doi            = "10.1007/JHEP01(2017)094",
      eprint         = "1610.06591",
      archivePrefix  = "arXiv",
      primaryClass   = "hep-ph",
      reportNumber   = "CTPU-16-24, LU-TP-16-56, LYCEN-2016-08",
      SLACcitation   = "%%CITATION = ARXIV:1610.06591;%%"
}
